@INPROCEEDINGS{Gz:1,
author={T. Li and C. Ma and J. Li and X. Zhou and K. Wang and D. Zhao and I. Sadooghi and I. Raicu},
booktitle={2015 IEEE International Conference on Cluster Computing},
title={GRAPH/Z: A Key-Value Store Based Scalable Graph Processing System},
year={2015},
pages={516-517},
keywords={database management systems;graph theory;parallel processing;GRAPH/Z;ZHT;bulk synchronous parallel model;distributed key-value store;graph processing system;Big data;Computational modeling;Conferences;Databases;Loading;Scalability;Yttrium;Big data;Graph database;Graph processing;Key-value store;NoSQL},
doi={10.1109/CLUSTER.2015.90},
ISSN={1552-5244},
month={Sept},},

@INPROCEEDINGS{Gz:2,
author={T. Li and X. Zhou and K. Brandstatter and D. Zhao and K. Wang and A. Rajendran and Z. Zhang and I. Raicu},
booktitle={Parallel Distributed Processing (IPDPS), 2013 IEEE 27th International Symposium on},
title={ZHT: A Light-Weight Reliable Persistent Dynamic Scalable Zero-Hop Distributed Hash Table},
year={2013},
pages={775-787},
keywords={Linux;distributed databases;fault tolerant computing;meta data;parallel machines;performance evaluation;processor scheduling;storage management;FusionFS distributed file system;IBM Blue Gene/P supercomputer;IStore;Linux cluster;MATRIX;ZHT performance evaluation;distributed job scheduling system;distributed meta data management;distributed object storage system;fault tolerance;high-end computing systems;information dispersal algorithm;key-value stores;microbenchmarks;throughput;zero-hop distributed hash table;Fault tolerance;Fault tolerant systems;File systems;Generators;Routing;Servers;Throughput;Distributed hash tables;high-end computing;key/value stores},
doi={10.1109/IPDPS.2013.110},
ISSN={1530-2075},
month={May},},


@article{Gz:3,
  title={ZHT+: Design and Implementation of a Graph Database Using ZHT},
    author={Gowda, Gagan Munisiddha and Miwa, Benjamin L and Sunkineni, Anirudh}
},

@inproceedings{Gz:4,
 author = {Malewicz, Grzegorz and Austern, Matthew H. and Bik, Aart J.C and Dehnert, James C. and Horn, Ilan and Leiser, Naty and Czajkowski, Grzegorz},
 title = {Pregel: A System for Large-scale Graph Processing}, 
 booktitle = {Proceedings of the 2010 ACM SIGMOD International Conference on Management of Data},
 series = {SIGMOD '10},
 year = {2010},
 isbn = {978-1-4503-0032-2},
 location = {Indianapolis, Indiana, USA},
 pages = {135--146},
 numpages = {12},
 url = {http://doi.acm.org/10.1145/1807167.1807184},
 doi = {10.1145/1807167.1807184},
 acmid = {1807184},
 publisher = {ACM},
 address = {New York, NY, USA},
 keywords = {distributed computing, graph algorigthms},
},

@Inbook{Gz:5,
author="Kohlsch{\"u}tter, Christian
and Chirita, Paul-Alexandru
and Nejdl, Wolfgang",
editor="Lalmas, Mounia
and MacFarlane, Andy
and R{\"u}ger, Stefan
and Tombros, Anastasios
and Tsikrika, Theodora
and Yavlinsky, Alexei",
chapter="Efficient Parallel Computation of PageRank",
title="Advances in Information Retrieval: 28th European Conference on IR Research, ECIR 2006, London, UK, April 10-12, 2006. Proceedings",
year="2006",
publisher="Springer Berlin Heidelberg",
address="Berlin, Heidelberg",
pages="241--252",
isbn="978-3-540-33348-7",
doi="10.1007/11735106_22",
url="http://dx.doi.org/10.1007/11735106_22"
},



@article{Gz:6,
 author = {McCune, Robert Ryan and Weninger, Tim and Madey, Greg},
 title = {Thinking Like a Vertex: A Survey of Vertex-Centric Frameworks for Large-Scale Distributed Graph Processing},
 journal = {ACM Comput. Surv.},
 issue_date = {November 2015},
 volume = {48},
 number = {2},
 month = oct,
 year = {2015},
 issn = {0360-0300},
 pages = {25:1--25:39},
 articleno = {25},
 numpages = {39},
 url = {http://doi.acm.org/10.1145/2818185},
 doi = {10.1145/2818185},
 acmid = {2818185},
 publisher = {ACM},
 address = {New York, NY, USA},
 keywords = {Big Data, Graph processing, distributed algorithms, distributed systems, pregel},
},

@article{Gz:7,
  title={Large scale graph processing systems: survey and an experimental evaluation},
  author={Batarfi, Omar and El Shawi, Radwa and Fayoumi, Ayman G and Nouri, Reza and Barnawi, Ahmed and Sakr, Sherif and others},
  journal={Cluster Computing},
  volume={18},
  number={3},
  pages={1189--1213},
  year={2015},
  publisher={Springer}
},

@misc{snapnets,
  author       = {Jure Leskovec and Andrej Krevl},
  title        = {{SNAP Datasets}: {Stanford} Large Network Dataset Collection},
  howpublished = {\url{http://snap.stanford.edu/data}},
  month        = jun,
  year         = 2014
},