@INPROCEEDINGS{Gz:1,
author={T. Li and C. Ma and J. Li and X. Zhou and K. Wang and D. Zhao and I. Sadooghi and I. Raicu},
booktitle={2015 IEEE International Conference on Cluster Computing},
title={GRAPH/Z: A Key-Value Store Based Scalable Graph Processing System},
year={2015},
pages={516-517},
keywords={database management systems;graph theory;parallel processing;GRAPH/Z;ZHT;bulk synchronous parallel model;distributed key-value store;graph processing system;Big data;Computational modeling;Conferences;Databases;Loading;Scalability;Yttrium;Big data;Graph database;Graph processing;Key-value store;NoSQL},
doi={10.1109/CLUSTER.2015.90},
ISSN={1552-5244},
month={Sept},},

@INPROCEEDINGS{Gz:2,
author={T. Li and X. Zhou and K. Brandstatter and D. Zhao and K. Wang and A. Rajendran and Z. Zhang and I. Raicu},
booktitle={Parallel Distributed Processing (IPDPS), 2013 IEEE 27th International Symposium on},
title={ZHT: A Light-Weight Reliable Persistent Dynamic Scalable Zero-Hop Distributed Hash Table},
year={2013},
pages={775-787},
keywords={Linux;distributed databases;fault tolerant computing;meta data;parallel machines;performance evaluation;processor scheduling;storage management;FusionFS distributed file system;IBM Blue Gene/P supercomputer;IStore;Linux cluster;MATRIX;ZHT performance evaluation;distributed job scheduling system;distributed meta data management;distributed object storage system;fault tolerance;high-end computing systems;information dispersal algorithm;key-value stores;microbenchmarks;throughput;zero-hop distributed hash table;Fault tolerance;Fault tolerant systems;File systems;Generators;Routing;Servers;Throughput;Distributed hash tables;high-end computing;key/value stores},
doi={10.1109/IPDPS.2013.110},
ISSN={1530-2075},
month={May},}
