@INPROCEEDINGS{Gz:1,
author={T. Li and C. Ma and J. Li and X. Zhou and K. Wang and D. Zhao and I. Sadooghi and I. Raicu},
booktitle={2015 IEEE International Conference on Cluster Computing},
title={GRAPH/Z: A Key-Value Store Based Scalable Graph Processing System},
year={2015},
pages={516-517},
keywords={database management systems;graph theory;parallel processing;GRAPH/Z;ZHT;bulk synchronous parallel model;distributed key-value store;graph processing system;Big data;Computational modeling;Conferences;Databases;Loading;Scalability;Yttrium;Big data;Graph database;Graph processing;Key-value store;NoSQL},
doi={10.1109/CLUSTER.2015.90},
ISSN={1552-5244},
month={Sept},},

@INPROCEEDINGS{Gz:2,
author={T. Li and X. Zhou and K. Brandstatter and D. Zhao and K. Wang and A. Rajendran and Z. Zhang and I. Raicu},
booktitle={Parallel Distributed Processing (IPDPS), 2013 IEEE 27th International Symposium on},
title={ZHT: A Light-Weight Reliable Persistent Dynamic Scalable Zero-Hop Distributed Hash Table},
year={2013},
pages={775-787},
keywords={Linux;distributed databases;fault tolerant computing;meta data;parallel machines;performance evaluation;processor scheduling;storage management;FusionFS distributed file system;IBM Blue Gene/P supercomputer;IStore;Linux cluster;MATRIX;ZHT performance evaluation;distributed job scheduling system;distributed meta data management;distributed object storage system;fault tolerance;high-end computing systems;information dispersal algorithm;key-value stores;microbenchmarks;throughput;zero-hop distributed hash table;Fault tolerance;Fault tolerant systems;File systems;Generators;Routing;Servers;Throughput;Distributed hash tables;high-end computing;key/value stores},
doi={10.1109/IPDPS.2013.110},
ISSN={1530-2075},
month={May},},


@article{Gz:3,
  title={ZHT+: Design and Implementation of a Graph Database Using ZHT},
    author={Gowda, Gagan Munisiddha and Miwa, Benjamin L and Sunkineni, Anirudh}
},

@inproceedings{Gz:4,
 author = {Malewicz, Grzegorz and Austern, Matthew H. and Bik, Aart J.C and Dehnert, James C. and Horn, Ilan and Leiser, Naty and Czajkowski, Grzegorz},
 title = {Pregel: A System for Large-scale Graph Processing}, 
 booktitle = {Proceedings of the 2010 ACM SIGMOD International Conference on Management of Data},
 series = {SIGMOD '10},
 year = {2010},
 isbn = {978-1-4503-0032-2},
 location = {Indianapolis, Indiana, USA},
 pages = {135--146},
 numpages = {12},
 url = {http://doi.acm.org/10.1145/1807167.1807184},
 doi = {10.1145/1807167.1807184},
 acmid = {1807184},
 publisher = {ACM},
 address = {New York, NY, USA},
 keywords = {distributed computing, graph algorigthms},
},

@Inbook{Gz:5,
author="Kohlsch{\"u}tter, Christian
and Chirita, Paul-Alexandru
and Nejdl, Wolfgang",
editor="Lalmas, Mounia
and MacFarlane, Andy
and R{\"u}ger, Stefan
and Tombros, Anastasios
and Tsikrika, Theodora
and Yavlinsky, Alexei",
chapter="Efficient Parallel Computation of PageRank",
title="Advances in Information Retrieval: 28th European Conference on IR Research, ECIR 2006, London, UK, April 10-12, 2006. Proceedings",
year="2006",
publisher="Springer Berlin Heidelberg",
address="Berlin, Heidelberg",
pages="241--252",
isbn="978-3-540-33348-7",
doi="10.1007/11735106_22",
url="http://dx.doi.org/10.1007/11735106_22"
},

@INPROCEEDINGS{Gz:6,
author={A. Barbu and S. C. Zhu},
booktitle={Computer Vision, 2003. Proceedings. Ninth IEEE International Conference on},
title={Graph partition by Swendsen-Wang cuts},
year={2003},
pages={320-327 vol.1},
keywords={Markov processes;computer vision;convergence;graph theory;image segmentation;probability;simulated annealing;statistical mechanics;Ncut algorithm;Swendsen-Wang method;annealing procedure;graph cut algorithms;graph partition problems;image segmentation;maximum flow algorithm;minimum-cut algorithm;posterior probability;reversible Markov chain jumps;single-site update Gibbs sampler;spectral graph analysis;statistical mechanics;vision tasks;Annealing;Bayesian methods;Clustering algorithms;Computational modeling;Computer vision;Image converters;Image segmentation;Partitioning algorithms;Spectral analysis;Temperature},
doi={10.1109/ICCV.2003.1238362},
month={Oct},},

@Article{Gz:7,
author="Andreev, Konstantin
and Racke, Harald",
title="Balanced Graph Partitioning",
journal="Theory of Computing Systems",
year="2006",
volume="39",
number="6",
pages="929--939",
abstract="We consider the problem of partitioning a graph into k components of roughly equal size while minimizing the capacity of the edges between different components of the cut. In particular we require that for a parameter $\nu$ â‰¥ 1, no component contains more than $\nu$ {\textperiodcentered} n/k of the graph vertices.",
issn="1433-0490",
doi="10.1007/s00224-006-1350-7",
url="http://dx.doi.org/10.1007/s00224-006-1350-7"
},
@inproceedings{Gz:8,
  title={Complexity of graph partition problems},
  author={Feder, Tomas and Hell, Pavol and Klein, Sulamita and Motwani, Rajeev},
  booktitle={Proceedings of the thirty-first annual ACM symposium on Theory of computing},
  pages={464--472},
  year={1999},
  organization={ACM}
},

@inproceedings{Gz:9,
  title={Synergistic partitioning in multiple large scale social networks},
  author={Jin, Songchang and Zhang, Jiawei and Yu, Philip S and Yang, Shuqiang and Li, Aiping},
  booktitle={Big Data (Big Data), 2014 IEEE International Conference on},
  pages={281--290},
  year={2014},
  organization={IEEE}
},

@inproceedings{Gz:10,
  title={Streaming graph partitioning for large distributed graphs},
  author={Stanton, Isabelle and Kliot, Gabriel},
  booktitle={Proceedings of the 18th ACM SIGKDD international conference on Knowledge discovery and data mining},
  pages={1222--1230},
  year={2012},
  organization={ACM}
},


@inproceedings{ahmed2013distributed,
  title={Distributed large-scale natural graph factorization},
  author={Ahmed, Amr and Shervashidze, Nino and Narayanamurthy, Shravan and Josifovski, Vanja and Smola, Alexander J},
  booktitle={Proceedings of the 22nd international conference on World Wide Web},
  pages={37--48},
  year={2013},
  organization={International World Wide Web Conferences Steering Committee}
},



